<record><leader>00000cas a22000007a 4500</leader><controlfield tag="001">10223177</controlfield><controlfield tag="008">831215d18451879pauwr ne      0    0eng d</controlfield><datafield ind1=" " ind2=" " tag="010"><subfield code="a">sn 83032229 </subfield></datafield><datafield ind1=" " ind2=" " tag="040"><subfield code="a">NPU</subfield><subfield code="b">eng</subfield><subfield code="c">NPU</subfield><subfield code="d">NPH</subfield><subfield code="d">NPX</subfield><subfield code="d">YOX</subfield><subfield code="d">KRTAS</subfield><subfield code="d">OCLCQ</subfield></datafield><datafield ind1=" " ind2=" " tag="042"><subfield code="a">msc</subfield></datafield><datafield ind1="0" ind2=" " tag="130"><subfield code="a">True Democrat (Lewistown, Pa.)</subfield></datafield><datafield ind1="1" ind2="4" tag="245"><subfield code="a">The true Democrat.</subfield></datafield><datafield ind1="1" ind2="3" tag="246"><subfield code="a">Lewistown true Democrat</subfield></datafield><datafield ind1=" " ind2=" " tag="260"><subfield code="a">Lewistown, Pa. :</subfield><subfield code="b">James A. Cunningham,</subfield><subfield code="c">1845-</subfield></datafield><datafield ind1=" " ind2=" " tag="300"><subfield code="a">v. ;</subfield><subfield code="c">64-68 cm.</subfield></datafield><datafield ind1=" " ind2=" " tag="310"><subfield code="a">Weekly</subfield></datafield><datafield ind1="0" ind2=" " tag="362"><subfield code="a">Vol. 1, no. 1 (Jan. 8, 1845)-</subfield></datafield><datafield ind1="1" ind2=" " tag="362"><subfield code="a">Ceased in 1879.</subfield><subfield code="z">Cf. Salisbury, R. Pa. newspapers.</subfield></datafield><datafield ind1=" " ind2=" " tag="500"><subfield code="a">Publishers: Henry J. Walters, 1847-1850; Henry J. Walters &amp; William R. McCay, 1850-1853; William R. McCay, 1853-1854; Henry Frysinger, &lt;1855&gt;; Henry Frysinger &amp; Brother, &lt;1860&gt;; William Frysinger, 1860-1861; Henry Frysinger, 1861-&lt;1873&gt;; D. Hough, &lt;1876&gt;; Henry Frysinger, &lt;1879&gt;.</subfield></datafield><datafield ind1=" " ind2=" " tag="500"><subfield code="a">Editors: James A. Cunningham, 1845-1846; Henry J. Walters, &lt;1853-1854&gt;; William R. McCay, &lt;1853&gt;-1854; Henry Frysinger, &lt;1860&gt;; William Frysinger, &lt;1860&gt;-1861; Henry Frysinger, 1861-&lt;1876&gt;; Henry J. Walters, 1861-&lt;1865&gt;; David Frysinger, &lt;1865&gt;.</subfield></datafield><datafield ind1=" " ind2=" " tag="500"><subfield code="a">"Democratic."</subfield></datafield><datafield ind1=" " ind2=" " tag="515"><subfield code="a">No paper issued: Jan. 15, 1845; Sept. 2, 1846; Jan. 6, 1847; Dec. 30, 1852; Dec. 27, 1865.</subfield></datafield><datafield ind1=" " ind2=" " tag="580"><subfield code="a">Continues: Republican (Lewistown, Pa.). Cf. Rossell, G.E. Pa. newspapers.</subfield></datafield><datafield ind1=" " ind2=" " tag="752"><subfield code="a">United States</subfield><subfield code="b">Pennsylvania</subfield><subfield code="c">Mifflin</subfield><subfield code="d">Lewistown.</subfield></datafield><datafield ind1="1" ind2="0" tag="780"><subfield code="t">Republican (Lewistown, Pa.)</subfield><subfield code="w">(DLC)sn 86081024</subfield></datafield><datafield ind1="0" ind2="7" tag="785"><subfield code="t">Democratic sentinel (Lewistown, Pa.)</subfield><subfield code="w">(DLC)sn 83032230</subfield></datafield><datafield ind1="0" ind2="7" tag="785"><subfield code="t">Democrat and sentinel (Lewistown, Pa.)</subfield><subfield code="w">(DLC)sn 86081312</subfield></datafield><datafield ind1=" " ind2=" " tag="938"><subfield code="a">Kirtas Technologies, Inc.</subfield><subfield code="b">KRTS</subfield><subfield code="n">737968</subfield></datafield></record>